<record><leader>00000cas a22000007a 4500</leader><controlfield tag="001">14119273</controlfield><controlfield tag="008">860821d18511852pauwr ne      0    0eng d</controlfield><datafield ind1=" " ind2=" " tag="010"><subfield code="a">sn 86053623 </subfield></datafield><datafield ind1=" " ind2=" " tag="040"><subfield code="a">NPX</subfield><subfield code="b">eng</subfield><subfield code="c">NPX</subfield><subfield code="d">NPH</subfield><subfield code="d">OCLCQ</subfield></datafield><datafield ind1=" " ind2=" " tag="042"><subfield code="a">msc</subfield></datafield><datafield ind1="0" ind2=" " tag="130"><subfield code="a">Carbon County gazette (Jim Thorpe, Pa. : 1851)</subfield></datafield><datafield ind1="1" ind2="0" tag="245"><subfield code="a">Carbon County gazette.</subfield></datafield><datafield ind1="3" ind2="0" tag="246"><subfield code="a">Carbon gazette</subfield></datafield><datafield ind1="3" ind2="0" tag="246"><subfield code="a">Gazette</subfield></datafield><datafield ind1=" " ind2=" " tag="260"><subfield code="a">Mauch Chunk [i.e. Jim Thorpe], Pa. :</subfield><subfield code="b">S.H. Taylor,</subfield><subfield code="c">1851-1852.</subfield></datafield><datafield ind1=" " ind2=" " tag="300"><subfield code="a">2 v. ;</subfield><subfield code="c">55 cm.</subfield></datafield><datafield ind1=" " ind2=" " tag="310"><subfield code="a">Weekly</subfield></datafield><datafield ind1="0" ind2=" " tag="362"><subfield code="a">Vol. 7, no. 17 (May 8, 1851)-v. 8, no. 52 (Dec. 30, 1852).</subfield></datafield><datafield ind1=" " ind2=" " tag="500"><subfield code="a">Editor: S.H. Taylor, &lt;1852&gt;.</subfield></datafield><datafield ind1=" " ind2=" " tag="530"><subfield code="a">Available on microfilm from Smithsonian Institution Photo Services Division.</subfield></datafield><datafield ind1=" " ind2=" " tag="752"><subfield code="a">United States</subfield><subfield code="b">Pennsylvania</subfield><subfield code="c">Carbon</subfield><subfield code="d">Jim Thorpe.</subfield></datafield><datafield ind1=" " ind2=" " tag="752"><subfield code="a">United States</subfield><subfield code="b">Pennsylvania</subfield><subfield code="c">Carbon</subfield><subfield code="d">Mauch Chunk.</subfield></datafield><datafield ind1="0" ind2="0" tag="780"><subfield code="t">Carbon County gazette and Mauch Chunk courier</subfield><subfield code="w">(DLC)sn 87078549</subfield></datafield><datafield ind1="0" ind2="0" tag="785"><subfield code="t">Mauch Chunk gazette</subfield><subfield code="w">(DLC)sn 86077130</subfield></datafield><datafield ind1="1" ind2=" " tag="029"><subfield code="a">AU@</subfield><subfield code="b">000025792773</subfield></datafield></record>